@misc{SimulinkIntro,
title = {{Simulink Home Page}},
howpublished = {\url{https://www.mathworks.com/products/simulink.html}},
note = {Accessed: 2017-10-08}
}

@misc{SimulinkSubsystem,
	title = {{Simulink - How to Create a Subsystem}},
	howpublished = {\url{https://www.mathworks.com/help/simulink/ug/creating-subsystems.html#f4-7371}},
	note = {Accessed: 2017-10-09}
}

@misc{EE302,
	title         = {Lecture notes in EE302},	
	year          = {2017}
}
Your EE302 lecture notes